@article{StoryCloze,
author = {Mostafazadeh, Nasrin and Chambers, Nathanael and He, Xiaodong and Parikh, Devi and Batra, Dhruv and Vanderwende, Lucy and Kohli, Pushmeet and Allen, James},
archivePrefix = {arXiv},
arxivId = {1604.01696},
eprint = {1604.01696},
isbn = {9781941643914},
journal = {arXiv},
title = {{A Corpus and Evaluation Framework for Deeper Understanding of Commonsense Stories}},
url = {https://arxiv.org/pdf/1604.01696.pdf http://arxiv.org/abs/1604.01696},
year = {2016},
}

@article{LSDSem,
author = {Mostafazadeh, Nasrin and Roth, Michael and Louis, Annie and Chambers, Nathanael William and Allen, James F},
journal = {The 2nd Workshop on Linking Models of Lexical, Sentential and Discourse-level Semantics (ISDSEM 2017)},
number = {2016},
pages = {1--5},
title = {{LSDSem 2017 Shared Task : The Story Cloze Test}},
url = {http://www.aclweb.org/anthology/W17-0906},
year = {2017}
}

